
%%%%%%%%%%%%%%%%%%%%%%%%%%%%%%%%%%%%%%%%%%%
% Formal Correspondences between
% Nets and Logics
%%%%%%%%%%%%%%%%%%%%%%%%%%%%%%%%%%%%%%%%%%%
% McCulloch1943
@article{mcculloch1943logical,
  doi = {10.1007/bf02478259},
  url = {https://doi.org/10.1007/bf02478259},
  year = {1943},
  month = dec,
  publisher = {Springer Science and Business Media {LLC}},
  volume = {5},
  number = {4},
  pages = {115--133},
  author = {Warren S. McCulloch and Walter Pitts},
  title = {A logical calculus of the ideas immanent in nervous activity},
  journal = {The Bulletin of Mathematical Biophysics}
}

@inproceedings{balkenius1991nonmonotonic,
  title={Nonmonotonic inferences in neural networks},
  author={Balkenius, Christian and G{\"a}rdenfors, Peter},
  booktitle={KR},
  pages={32--39},
  year={1991},
  publisher={Morgan Kaufmann}
}

@article{leitgeb2001nonmonotonic,
  title={Nonmonotonic reasoning by inhibition nets},
  author={Leitgeb, Hannes},
  journal={Artificial Intelligence},
  volume={128},
  number={1-2},
  pages={161--201},
  year={2001},
  publisher={Elsevier}
}

@article{leitgeb2003nonmonotonic,
  title={Nonmonotonic reasoning by inhibition nets II},
  author={Leitgeb, Hannes},
  journal={International Journal of Uncertainty, Fuzziness and Knowledge-Based Systems},
  volume={11},
  number={supp02},
  pages={105--135},
  year={2003},
  publisher={World Scientific}
}

@article{blutner2004nonmonotonic,
  title={Nonmonotonic inferences and neural networks},
  author={Blutner, Reinhard},
  journal={Synthese},
  volume={142},
  pages={143--174},
  year={2004},
  publisher={Springer}
}


@incollection{leitgeb2018neural,
  title={Neural Network Models of Conditionals},
  author={Leitgeb, Hannes},
  booktitle={Introduction to Formal Philosophy},
  pages={147--176},
  year={2018},
  publisher={Springer}
}

%%%%%%%%%%%%%%%%%%%%%%%%%%%%%%%%%%%%%%%%%%%
% Logics for Learning
%%%%%%%%%%%%%%%%%%%%%%%%%%%%%%%%%%%%%%%%%%%

@inproceedings{baltag2019right,
  title={ On the right path: a modal logic for supervised learning },
  author={Baltag, Alexandru and Li, Dazhu and Pedersen, Mina Young},
  booktitle={International Workshop on Logic, Rationality and Interaction},
  pages={1--14},
  year={2019},
  organization={Springer}
}

@article{baltag2019dynamic,
  title={A dynamic logic for learning theory},
  author={Baltag, Alexandru and Gierasimczuk, Nina and {\"O}zg{\"u}n, Ayb{\"u}ke and Sandoval, Ana Lucia Vargas and Smets, Sonja},
  journal={Journal of Logical and Algebraic Methods in Programming},
  volume={109},
  pages={100485},
  year={2019},
  publisher={Elsevier}
}

%%%%%%%%%%%%%%%%%%%%%%%%%%%%%%%%%%%%%%%%%%%
% Surveys and Calls for Neuro-Symbolism
%%%%%%%%%%%%%%%%%%%%%%%%%%%%%%%%%%%%%%%%%%%

@incollection{bader2005dimensions,
  title={Dimensions of neural-symbolic integration-a structured survey},
  author={Bader, Sebastian and Hitzler, Pascal},
  booktitle={We Will Show Them! Essays in Honour of Dov Gabbay, Volume 1},
  pages={167--194},
  year={2005},
  publisher={College Publications}
}

@article{sarker2021neuro,
    title = {Neuro-Symbolic Artificial Intelligence: Current Trends},
    journal = {AI Communications},
    volume = {34},
    year = {2022},
    month = {2022},
    chapter = {197},
    author = {Md Kamruzzaman Sarker and Lu Zhou and Aaron Eberhart and Pascal Hitzler}
}

%%%%%%%%%%%%%%%%%%%%%%%%%%%%%%%%%%%%%%%%%%%
% Other Logics
%     (EMNT4-related; preference upgrade)
%%%%%%%%%%%%%%%%%%%%%%%%%%%%%%%%%%%%%%%%%%%

@article{kraus1990nonmonotonic,
  title={Nonmonotonic reasoning, preferential models and cumulative logics},
  author={Kraus, Sarit and Lehmann, Daniel and Magidor, Menachem},
  journal={Artificial intelligence},
  volume={44},
  number={1-2},
  pages={167--207},
  year={1990},
  publisher={Elsevier}
}

@article{van2007prefupgrade,
  title={Dynamic logic of preference upgrade},
  author={Van Benthem, Johan and Liu, Fenrong},
  journal={Journal of Applied Non-Classical Logics},
  volume={17},
  number={2},
  pages={157--182},
  year={2007},
  publisher={Taylor \& Francis}
}

@article{van2007beliefrevision,
  title={Dynamic logic for belief revision},
  author={Van Benthem, Johan},
  journal={Journal of applied non-classical logics},
  volume={17},
  number={2},
  pages={129--155},
  year={2007},
  publisher={Taylor \& Francis}
}

@book{hebb-organization-of-behavior-1949,
  doi = {10.4324/9781410612403},
  url = {https://doi.org/10.4324/9781410612403},
  year = {1949},
  month = apr,
  publisher = {Psychology Press},
  author = {D.O. Hebb},
  title = {The Organization of Behavior}
}
    
@inproceedings{kisby2022logic,
  title={The Logic of Hebbian Learning},
  author={Kisby, Caleb and Blanco, Sa{\'u}l and Moss, Lawrence},
  booktitle={The International FLAIRS Conference Proceedings},
  volume={35},
  year={2022}
}

@book{DELBook,
  title={Dynamic epistemic logic},
  author={Van Ditmarsch, Hans and van Der Hoek, Wiebe and Kooi, Barteld},
  volume={337},
  year={2007},
  publisher={Springer}
}

@article{logicsforepistemicactions,
  title={Logics for epistemic actions: completeness, decidability, expressivity},
  author={Baltag, Alexandru and Moss, Lawrence S and Solecki, S{\l}awomir},
  journal={Logics},
  volume={1},
  number={2},
  pages={97--147},
  year={2023},
  publisher={MDPI AG}
}

@inproceedings{moura2021lean,
  title={The {L}ean 4 theorem prover and programming language},
  author={Moura, Leonardo de and Ullrich, Sebastian},
  booktitle={Automated Deduction--CADE 28: 28th International Conference on Automated Deduction, Virtual Event, July 12--15, 2021, Proceedings 28},
  pages={625--635},
  year={2021},
  organization={Springer}
}

@inproceedings{Besold2017NeuralSymbolicLA,
  title={Neural-Symbolic Learning and Reasoning: A Survey and Interpretation},
  author={Besold, Tarek and d'Avila Garcez, Artur and Bader, Sebastian and others},
  booktitle={Neuro-Symbolic Artificial Intelligence},
  year={2017}
}
%Tarek R. Besold and Artur S. d'Avila Garcez and Sebastian Bader and Howard Bowman and Pedro M. Domingos and Pascal Hitzler and Kai-Uwe K{\"u}hnberger and L. Lamb and Daniel Lowd and Priscila Machado Vieira Lima and Leo de Penning and Gadi Pinkas and Hoifung Poon and Gerson Zaverucha},

@article{giordano2022conditional,
  title={A conditional, a fuzzy and a probabilistic interpretation of self-organizing maps},
  author={Giordano, Laura and Gliozzi, Valentina and Theseider Dupr{\'e}, Daniele},
  journal={Journal of Logic and Computation},
  volume={32},
  number={2},
  pages={178--205},
  year={2022},
  publisher={Oxford University Press}
}

@article{Odense2022ASF,
  title={A Semantic Framework for Neural-Symbolic Computing},
  author={Simon Odense and Artur S. d'Avila Garcez},
  journal={ArXiv},
  year={2022},
  volume={abs/2212.12050},
  url={https://api.semanticscholar.org/CorpusID:255096455}
}

@incollection{harmelen2022preface,
  title={Preface: The 3rd AI Wave Is Coming, and It Needs a Theory},
  author={Harmelen, Frankvan},
  booktitle={Neuro-Symbolic Artificial Intelligence: The State of the Art},
  pages={V--VII},
  year={2022},
  publisher={IOS Press BV}
}

@inproceedings{srivastava2015highway,
 author = {Srivastava, Rupesh K and Greff, Klaus and Schmidhuber, J\"{u}rgen},
 booktitle = {Advances in Neural Information Processing Systems},
 editor = {C. Cortes and N. Lawrence and D. Lee and M. Sugiyama and R. Garnett},
 pages = {},
 publisher = {Curran Associates, Inc.},
 title = {Training Very Deep Networks},
 url = {https://proceedings.neurips.cc/paper_files/paper/2015/file/215a71a12769b056c3c32e7299f1c5ed-Paper.pdf},
 volume = {28},
 year = {2015}
}

@inproceedings{baltag1998PALC,
  title={The logic of public announcements, common knowledge, and private suspicions},
  author={Baltag, Alexandru and Moss, Lawrence S and Solecki, Slawomir},
  booktitle={Proceedings of the 7th conference on Theoretical aspects of rationality and knowledge},
  pages={43--56},
  year={1998}
}

@article{Plaza2007PAL,
  title={Logics of public communications},
  author={Jan A. Plaza},
  journal={Synthese},
  year={2007},
  volume={158},
  pages={165-179},
  url={https://api.semanticscholar.org/CorpusID:41619205}
}

@article{albarghouthi2021introduction,
  title={Introduction to neural network verification},
  author={Albarghouthi, Aws and others},
  journal={Foundations and Trends{\textregistered} in Programming Languages},
  volume={7},
  number={1--2},
  pages={1--157},
  year={2021},
  publisher={Now Publishers, Inc.}
}

@article{gross2002genealogy,
  title={Genealogy of the “grandmother cell”},
  author={Gross, Charles G},
  journal={The Neuroscientist},
  volume={8},
  number={5},
  pages={512--518},
  year={2002},
  publisher={Sage Publications}
}

@inproceedings{giordano2021weighted,
  title={Weighted defeasible knowledge bases and a multipreference semantics for a deep neural network model},
  author={Giordano, Laura and Theseider Dupr{\'e}, Daniele},
  booktitle={Logics in Artificial Intelligence: 17th European Conference, JELIA 2021, Virtual Event, May 17--20, 2021, Proceedings 17},
  pages={225--242},
  year={2021},
  organization={Springer}
}

@article{aho1972transitive,
  title={The transitive reduction of a directed graph},
  author={Aho, Alfred V. and Garey, Michael R and Ullman, Jeffrey D.},
  journal={SIAM Journal on Computing},
  volume={1},
  number={2},
  pages={131--137},
  year={1972},
  publisher={SIAM}
}

@article{moss2007finite,
  title={Finite models constructed from canonical formulas},
  author={Moss, Lawrence S},
  journal={Journal of Philosophical Logic},
  volume={36},
  pages={605--640},
  year={2007},
  publisher={Springer}
}

@article{kozen1981elementary,
  title={An elementary proof of the completeness of PDL},
  author={Kozen, Dexter and Parikh, Rohit},
  journal={Theoretical Computer Science},
  volume={14},
  number={1},
  pages={113--118},
  year={1981},
  publisher={Elsevier}
}

@article{oja1982simplified,
  title={Simplified neuron model as a principal component analyzer},
  author={Oja, Erkki},
  journal={Journal of mathematical biology},
  volume={15},
  pages={267--273},
  year={1982},
  publisher={Springer}
}

@article{garcez2001symbolic,
  title={Symbolic knowledge extraction from trained neural networks: A sound approach},
  author={d'Avila Garcez, Artur and Broda, Krysia and Gabbay, Dov M},
  journal={Artificial Intelligence},
  volume={125},
  number={1-2},
  pages={155--207},
  year={2001},
  publisher={Elsevier}
}

@incollection{van2015dynamic,
  author = {Van Benthem, Johan and Smets, Sonja},
  title  = {Dynamic logics of belief change},
  booktitle = {Handbook of Epistemic Logic},
  editor = {Van Ditmarsch, H. and Halpern, J. and van der Hoek, W. and Kooi, B.},
  year = {2015},
  pages = {313-393},
  publisher = {College Publications},
  address = {London, UK},
}

@book{murphy2004big,
  title={The big book of concepts},
  author={Murphy, Gregory},
  year={2004},
  publisher={MIT press}
}

@book{van2011logicaldynamics,
  title={Logical dynamics of information and interaction},
  author={Van Benthem, Johan},
  year={2011},
  publisher={Cambridge University Press}
}

@inproceedings{baltag2009iterated,
  title={Group belief dynamics under iterated revision: fixed points and cycles of joint upgrades},
  author={Baltag, Alexandru and Smets, Sonja},
  booktitle={Proceedings of the 12th Conference on Theoretical Aspects of Rationality and Knowledge},
  pages={41--50},
  year={2009}
}

@inproceedings{kisby2024hebbian,
  title={What Do Hebbian Learners Learn? Reduction Axioms for Iterated Hebbian Learning},
  author={Kisby, Caleb Schultz and Blanco, Sa{\'u}l A and Moss, Lawrence S},
  booktitle={Proceedings of the AAAI Conference on Artificial Intelligence},
  volume={38},
  number={13},
  pages={14894--14901},
  year={2024}
}

@book{van2011logical,
  title={Logical dynamics of information and interaction},
  author={Van Benthem, Johan},
  year={2011},
  publisher={Cambridge University Press}
}

@article{truthtracking,
  title={Truth-tracking by belief revision},
  author={Baltag, Alexandru and Gierasimczuk, Nina and Smets, Sonja},
  journal={Studia Logica},
  volume={107},
  pages={917--947},
  year={2019},
  publisher={Springer}
}

@article{dellearningtheory,
  title={A dynamic logic for learning theory},
  author={Baltag, Alexandru and Gierasimczuk, Nina and {\"O}zg{\"u}n, Ayb{\"u}ke and Sandoval, Ana Lucia Vargas and Smets, Sonja},
  journal={Journal of Logical and Algebraic Methods in Programming},
  volume={109},
  pages={100485},
  year={2019},
  publisher={Elsevier}
}

@book{polya1954mathematics,
  title={Mathematics and plausible reasoning: Induction and analogy in mathematics},
  author={Polya, George},
  volume={2},
  year={1954},
  publisher={Princeton University Press}
}

@article{merrill2019sequential,
  title={Sequential neural networks as automata},
  author={Merrill, William},
  journal={arXiv preprint arXiv:1906.01615},
  year={2019}
}

@article{strobl2024formal,
  title={What Formal Languages Can Transformers Express? A Survey},
  author={Strobl, Lena and Merrill, William and Weiss, Gail and Chiang, David and Angluin, Dana},
  journal={Transactions of the Association for Computational Linguistics},
  volume={12},
  pages={543--561},
  year={2024},
  publisher={MIT Press 255 Main Street, 9th Floor, Cambridge, Massachusetts 02142, USA~…}
}

@article{merrill2020formal,
  title={A formal hierarchy of RNN architectures},
  author={Merrill, William and Weiss, Gail and Goldberg, Yoav and Schwartz, Roy and Smith, Noah A and Yahav, Eran},
  journal={arXiv preprint arXiv:2004.08500},
  year={2020}
}